   @online{1,
   author = "Omid Amini, Igor Kortchemski",
   title = "Sujets posés - Ulm 2019",
   url  = "https://www.ens.psl.eu/sites/default/files/2019_mathsulm_sujets-1.pdf",
}
@online{2,
   author = "Igor Kortchemski",
   title = "Kholles de math à Louis Le Grand",
   url  = "http://igor-kortchemski.perso.math.cnrs.fr/exos.html",
}

